<record><leader>00000cas a2200000 a 4500</leader><controlfield tag="001">12095332</controlfield><controlfield tag="008">850530d19031903ksuwr ne      0    0eng d</controlfield><datafield ind1=" " ind2=" " tag="010"><subfield code="a">sn 85029305 </subfield></datafield><datafield ind1=" " ind2=" " tag="040"><subfield code="a">KSH</subfield><subfield code="b">eng</subfield><subfield code="c">KSH</subfield><subfield code="d">NPT</subfield><subfield code="d">OCL</subfield><subfield code="d">OCLCQ</subfield></datafield><datafield ind1=" " ind2=" " tag="042"><subfield code="a">msc</subfield></datafield><datafield ind1="0" ind2=" " tag="130"><subfield code="a">Weekly standard (Leavenworth, Kan.)</subfield></datafield><datafield ind1="1" ind2="0" tag="245"><subfield code="a">Weekly standard.</subfield></datafield><datafield ind1=" " ind2=" " tag="260"><subfield code="a">Leavenworth, Kan. :</subfield><subfield code="b">Standard Pub. Co.,</subfield><subfield code="c">1903.</subfield></datafield><datafield ind1=" " ind2=" " tag="300"><subfield code="a">1 v. :</subfield><subfield code="b">ill. ;</subfield><subfield code="c">59 cm.</subfield></datafield><datafield ind1=" " ind2=" " tag="310"><subfield code="a">Weekly</subfield></datafield><datafield ind1="0" ind2=" " tag="362"><subfield code="a">33rd. year (Apr. 23, 1903)-33rd. year (Aug. 20, 1903).</subfield></datafield><datafield ind1=" " ind2=" " tag="580"><subfield code="a">Also issued a daily edition called: Evening standard (Leavenworth, Kan. : 1897).</subfield></datafield><datafield ind1=" " ind2=" " tag="752"><subfield code="a">United States</subfield><subfield code="b">Kansas</subfield><subfield code="c">Leavenworth</subfield><subfield code="d">Leavenworth.</subfield></datafield><datafield ind1="1" ind2=" " tag="775"><subfield code="t">Evening standard (Leavenworth, Kan. : 1897)</subfield><subfield code="w">(DLC)sn 85029324</subfield></datafield><datafield ind1="0" ind2="0" tag="780"><subfield code="t">Weekly standard and the chronicle-tribune</subfield><subfield code="w">(DLC)sn 85029298</subfield></datafield><datafield ind1="0" ind2="4" tag="785"><subfield code="t">Leavenworth times (Leavenworth, Kan. : 1880)</subfield><subfield code="w">(DLC)sn 85029539</subfield></datafield></record>